@article{leicht,
  title={Anisotropic mesh refinement for discontinuous Galerkin methods in two-dimensional aerodynamic flow simulations},
  author={Leicht, Tobias and Hartmann, Ralf},
  journal={International Journal for Numerical Methods in Fluids},
  volume={56},
  number={11},
  pages={2111--2138},
  year={2008},
  publisher={Wiley Online Library}
}
@article{yano,
  title={An optimization framework for anisotropic simplex mesh adaptation: application to aerodynamic flows},
  author={Yano, Masayuki and Darmofal, David L},
  journal={studies},
  volume={4},
  pages={6},
  year={2012}
}

@incollection{jalali,
title={Higher-order Unstructured Finite Volume Methods for Turbulent Aerodynamic Flows},
author={Jalali, Alireza and Ollivier Gooch, Carl},
booktitle={22nd AIAA Computational Fluid Dynamics Conference},
pages={2284},
year={2015} 
}

@book{lai,
 title={Introduction to continuum mechanics},
 author={Lai, W Michael and Rubin, David H and Rubin, David and Krempl, Erhard},
 year={2009},
 publisher={Butterworth-Heinemann}
}

@techreport{balay,
  title={Petsc users manual revision 3.5},
  author={Balay, S and Abhyankar, S and Adams, M and Brown, J and Brune, P and Buschelman, K and Eijkhout, V and Gropp, W and Kaushik, D and Knepley, M and others},
  year={2014},
  institution={Technical report, Argonne National Laboratory (ANL)}
}

@article{geuz,
  title={Gmsh: A 3-D finite element mesh generator with built-in pre-and post-processing facilities},
  author={Geuzaine, Christophe and Remacle, Jean-Fran{\c{c}}ois},
  journal={International Journal for Numerical Methods in Engineering},
  volume={79},
  number={11},
  pages={1309--1331},
  year={2009},
  publisher={Wiley Online Library}
}

@misc{gooch,
  title={GRUMMP: Generation and refinement of unstructured mixed-element meshes in parallel},
  author={Ollivier-Gooch, Carl F and others},
  year={1998}
}

@article{kirk,
  title={libMesh: a C++ library for parallel adaptive mesh refinement/coarsening simulations},
  author={Kirk, Benjamin S and Peterson, John W and Stogner, Roy H and Carey, Graham F},
  journal={Engineering with Computers},
  volume={22},
  number={3-4},
  pages={237--254},
  year={2006},
  publisher={Springer}
}

@book{zien,
  title={The finite element method},
  author={Zienkiewicz, Olgierd Cecil and Taylor, Robert Leroy and Zienkiewicz, Olgierd Cecil and Taylor, Robert Lee},
  volume={3},
  year={1977},
  publisher={McGraw-hill London}
}

@article{far,
  title={On the numerical condition of polynomials in Bernstein form},
  author={Farouki, Rida T and Rajan, VT},
  journal={Computer Aided Geometric Design},
  volume={4},
  number={3},
  pages={191--216},
  year={1987},
  publisher={Elsevier}
}

@article{oden,
  title={Finite Elements. An Introduction},
  author={Becker, Eric and Carey, Graham and Oden, J},
  year={1981},
  publisher={PH}
}